<record><leader>00000cas a22000007a 4500</leader><controlfield tag="001">12713873</controlfield><controlfield tag="008">851024d18741876ncuwr ne      0    0eng d</controlfield><datafield ind1=" " ind2=" " tag="010"><subfield code="a">sn 85026881 </subfield></datafield><datafield ind1=" " ind2=" " tag="040"><subfield code="a">NPX</subfield><subfield code="b">eng</subfield><subfield code="c">NPX</subfield><subfield code="d">NVJ</subfield><subfield code="d">OCLCQ</subfield><subfield code="d">OCLCO</subfield></datafield><datafield ind1="1" ind2=" " tag="029"><subfield code="a">AU@</subfield><subfield code="b">000025831386</subfield></datafield><datafield ind1=" " ind2=" " tag="042"><subfield code="a">msc</subfield></datafield><datafield ind1="0" ind2=" " tag="130"><subfield code="a">Era (Raleigh, N.C.)</subfield></datafield><datafield ind1="1" ind2="4" tag="245"><subfield code="a">The era.</subfield></datafield><datafield ind1="1" ind2="3" tag="246"><subfield code="a">Weekly era</subfield></datafield><datafield ind1=" " ind2=" " tag="260"><subfield code="a">Raleigh, N.C. :</subfield><subfield code="b">W.M. Brown</subfield></datafield><datafield ind1=" " ind2=" " tag="300"><subfield code="a">v.</subfield></datafield><datafield ind1=" " ind2=" " tag="310"><subfield code="a">Weekly</subfield></datafield><datafield ind1="0" ind2=" " tag="362"><subfield code="a">Vol. 6, no. 10 (Aug. 27, 1874)-</subfield></datafield><datafield ind1="1" ind2=" " tag="362"><subfield code="a">Ceased in 1876.</subfield></datafield><datafield ind1=" " ind2=" " tag="500"><subfield code="a">"A Republican weekly newspaper - the central organ of the party."</subfield></datafield><datafield ind1="2" ind2=" " tag="710"><subfield code="a">Republican Party (N.C.)</subfield></datafield><datafield ind1=" " ind2=" " tag="752"><subfield code="a">United States</subfield><subfield code="b">North Carolina</subfield><subfield code="c">Wake</subfield><subfield code="d">Raleigh.</subfield></datafield><datafield ind1="0" ind2="0" tag="780"><subfield code="t">Weekly era (Raleigh, N.C. : 1872)</subfield><subfield code="w">(DLC)sn 85042094</subfield></datafield><datafield ind1="0" ind2="0" tag="785"><subfield code="t">Weekly era (Raleigh, N.C. : 1876)</subfield><subfield code="w">(DLC)sn 92072943</subfield></datafield></record>